<?xml version="1.0" encoding="UTF-8"?><collection xmlns="http://www.loc.gov/MARC21/slim"><record><leader>00427nam--2200133-i-4500</leader><controlfield tag="001">000022891</controlfield><controlfield tag="002">20161230</controlfield><controlfield tag="005">20161230201034</controlfield><controlfield tag="008">060222s1000------------r-----000-0-eng-d</controlfield><datafield ind1=" " ind2=" " tag="080"><subfield code="a">539.124.143:539.143.5</subfield></datafield><datafield ind1=" " ind2=" " tag="100"><subfield code="a">Hill, John Joseph</subfield></datafield><datafield ind1=" " ind2=" " tag="245"><subfield code="a">Dynamic polarization of sodium in sodium chloride containing cl2 centers. dissertation</subfield></datafield><datafield ind1=" " ind2=" " tag="260"><subfield code="a">Ann Arbor, Michigan, University Microfilms Inc., 1964, X + 116 P</subfield></datafield><datafield ind1=" " ind2=" " tag="852"><subfield code="a">32320</subfield></datafield></record></collection>